<?xml version="1.0" encoding="UTF-8"?><collection xmlns="http://www.loc.gov/MARC21/slim"><record><leader>00537nam--2200205-u-4500</leader><controlfield tag="001">000050706</controlfield><controlfield tag="002">20161230</controlfield><controlfield tag="005">20161230201048</controlfield><controlfield tag="008">080319s1000------------r-----000-0-eng-d</controlfield><datafield ind1=" " ind2=" " tag="020"><subfield code="a">0-387-24271-6</subfield></datafield><datafield ind1=" " ind2=" " tag="040"><subfield code="a">IFIN-HH</subfield></datafield><datafield ind1=" " ind2=" " tag="080"><subfield code="a">512.64</subfield></datafield><datafield ind1="1" ind2=" " tag="100"><subfield code="a">Zhang,Fuzhen (ed.)</subfield></datafield><datafield ind1="1" ind2="0" tag="245"><subfield code="a">The Schur Complement and its Applications</subfield></datafield><datafield ind1=" " ind2=" " tag="260"><subfield code="a">New York</subfield><subfield code="b">Springer Series</subfield><subfield code="c">2005</subfield></datafield><datafield ind1=" " ind2=" " tag="300"><subfield code="a">290 p</subfield></datafield><datafield ind1=" " ind2=" " tag="490"><subfield code="a">Numerical Methods and Algoritms</subfield><subfield code="v">Vol.4</subfield></datafield><datafield ind1=" " ind2=" " tag="504"><subfield code="a">Includes Index</subfield></datafield><datafield ind1=" " ind2=" " tag="852"><subfield code="c">512.831</subfield></datafield><datafield ind1=" " ind2=" " tag="CAT"><subfield code="a">Sys</subfield><subfield code="c">20080319</subfield><subfield code="h">135536</subfield></datafield></record></collection>